<record><leader>00000cas a22000007a 4500</leader><controlfield tag="001">9653148</controlfield><controlfield tag="008">830628d18271831mauwr ne      0    0eng d</controlfield><datafield ind1=" " ind2=" " tag="010"><subfield code="a">sn 83020936 </subfield></datafield><datafield ind1=" " ind2=" " tag="040"><subfield code="a">NPX</subfield><subfield code="b">eng</subfield><subfield code="c">NPX</subfield><subfield code="d">DLC</subfield><subfield code="d">MGN</subfield><subfield code="d">OCLCG</subfield><subfield code="d">OCLCQ</subfield><subfield code="d">OCLCA</subfield></datafield><datafield ind1=" " ind2=" " tag="042"><subfield code="a">msc</subfield></datafield><datafield ind1=" " ind2=" " tag="043"><subfield code="a">n-us-ma</subfield></datafield><datafield ind1="0" ind2="0" tag="050"><subfield code="a">Newspaper 8382</subfield></datafield><datafield ind1="0" ind2=" " tag="130"><subfield code="a">American advocate (Williamstown, Mass.)</subfield></datafield><datafield ind1="1" ind2="4" tag="245"><subfield code="a">The American advocate.</subfield></datafield><datafield ind1=" " ind2=" " tag="260"><subfield code="a">Williamstown, Mass. :</subfield><subfield code="b">Ridley Bannister</subfield></datafield><datafield ind1=" " ind2=" " tag="300"><subfield code="a">v. ;</subfield><subfield code="c">53 cm.</subfield></datafield><datafield ind1=" " ind2=" " tag="310"><subfield code="a">Weekly</subfield></datafield><datafield ind1="1" ind2=" " tag="362"><subfield code="a">Began Apr. 12, 1827; ceased Jan. 5, 1831.</subfield></datafield><datafield ind1=" " ind2=" " tag="500"><subfield code="a">Proprietor: Ridley Bannister, &lt;Apr. 28, 1830&gt;.</subfield></datafield><datafield ind1=" " ind2=" " tag="500"><subfield code="a">Printer: Ridley Bannister, 1827-&lt;1828&gt;.</subfield></datafield><datafield ind1=" " ind2=" " tag="500"><subfield code="a">Editor: R. Bannister, &lt;Apr. 28, 1830&gt;.</subfield></datafield><datafield ind1=" " ind2=" " tag="588"><subfield code="a">Description based on: Vol. 1, no. 3 (Apr. 26, 1827).</subfield></datafield><datafield ind1="1" ind2=" " tag="700"><subfield code="a">Bannister, Ridley,</subfield><subfield code="d">1797-</subfield></datafield><datafield ind1=" " ind2=" " tag="752"><subfield code="a">United States</subfield><subfield code="b">Massachusetts</subfield><subfield code="c">Berkshire</subfield><subfield code="d">Williamstown.</subfield></datafield><datafield ind1="1" ind2=" " tag="029"><subfield code="a">AU@</subfield><subfield code="b">000025799068</subfield></datafield></record>